%% LaTeX2e file `references.bib'
%% generated by the `filecontents' environment
%% from source `report' on 2025/05/11.
%%
@article{StrandburgPeshkin2015,
  title={Shared decision-making drives collective movement in wild baboons},
  author={Strandburg-Peshkin, Ariana and Farine, Damien R. and Couzin, Iain D. and Crofoot, Margaret C.},
  journal={Science},
  volume={348},
  number={6241},
  pages={1358--1361},
  year={2015},
  publisher={American Association for the Advancement of Science},
  doi={10.1126/science.aaa5099},
  url={https://www.science.org/doi/10.1126/science.aaa5099}
}
@manual{pythonTyping,
  title        = {typing --- Support for type hints},
  author       = {{Python Software Foundation}},
  year         = {2024},
  note         = {Python 3 Standard Library Documentation},
  url          = {https://docs.python.org/3/library/typing.html},
  organization = {Python Software Foundation},
  howpublished = {\url{https://docs.python.org/3/library/typing.html}},
  keywords     = {Python, type hints, typing}
}


@misc{github:baboon-simulation,
  author = {Carpio Chicote, Álvaro and Cuesta Sierra, Pablo and Romero de Frutos, Lydia and Schröer, Jannick},
  title = {Baboon Simulation},
  year = {2025},
  howpublished = {\url{https://github.com/IQisMySenpai/baboon-simulation}},
  note = {Accessed: 2025-05-11}
}


@book{oksendal2003stochastic,
  author = {{\O}ksendal, Bernt},
  day = 21,
  edition = {6th},
  howpublished = {Paperback},
  isbn = {3540047581},
  month = jan,
  publisher = {Springer},
  timestamp = {2019-08-24T00:34:38.000+0200},
  title = {{Stochastic Differential Equations: An Introduction with Applications (Universitext)}},
  year = 2014,
  url = https://doi.org/10.1007/978-3-642-14394-6,
}

@misc{chen2019neuralordinarydifferentialequations,
      title={Neural Ordinary Differential Equations},
      author={Ricky T. Q. Chen and Yulia Rubanova and Jesse Bettencourt and David Duvenaud},
      year={2019},
      eprint={1806.07366},
      archivePrefix={arXiv},
      primaryClass={cs.LG},
      url={https://arxiv.org/abs/1806.07366},
}

@misc{kidger2021neuralsdesinfinitedimensionalgans,
      title={Neural SDEs as Infinite-Dimensional GANs},
      author={Patrick Kidger and James Foster and Xuechen Li and Harald Oberhauser and Terry Lyons},
      year={2021},
      eprint={2102.03657},
      archivePrefix={arXiv},
      primaryClass={cs.LG},
      url={https://arxiv.org/abs/2102.03657},
}
